2059 2560
1006 104 1048 149 4

112 231 114 234 ·
154 217 281 257 tiones,
311 219 379 246 tam
401 209 518 255 gravia
546 214 747 255 argumenta
770 215 867 252 sunt,
898 214 937 243 ut
959 215 1017 243 aut
1037 208 1119 243 falsa
1141 208 1336 255 Xenophon
1360 221 1443 255 quae
1465 209 1567 245 sciret
1597 220 1686 252 esse,
1720 208 1898 243 tradidisse
1936 223 1955 237 e

149 270 343 311 miramque
365 266 403 299 in
427 277 463 299 se
485 263 750 298 inconstantiam
771 263 955 307 admisisse,
981 263 1124 308 denique
1146 270 1181 297 et
1201 263 1267 297 sibi
1290 264 1442 309 pluribus
1456 264 1493 299 in
1509 263 1590 299 locis
1614 269 1647 298 et
1668 262 1791 297 saeculi
1814 275 1900 297 con-

151 320 330 358 suetudinis
344 330 555 365 repugnasse
575 319 780 360 censendus,
802 324 861 351 aut
881 318 964 352 locis
987 317 1054 351 illis
1078 317 1271 352 liberandus
1294 318 1348 351 sit.

321 429 387 464 Sed
411 427 510 462 latius
533 426 636 461 etiam
658 439 713 461 res
737 438 775 460 ea
798 431 914 471 patere
937 439 1000 461 nec
1023 427 1107 461 solas
1128 425 1200 460 illas
1212 425 1446 472 olympiadum
1471 433 1505 460 et
1526 426 1781 471 magistratuum
1795 431 1900 467 notas,

153 488 212 521 sed
234 497 294 520 eos
317 494 449 528 quoque
470 482 562 529 iocos
585 480 765 526 complecti
791 480 941 523 videtur,
972 480 1148 524 qui-annis
1179 487 1312 525 praeter
1341 480 1415 514 illas
1445 480 1672 515 discernendis
1702 479 1901 514 inserviunt.

153 543 247 576 Tam
270 544 363 575 arcta
385 536 480 570 enim
505 534 558 569 his
581 546 661 568 cum
684 534 749 568 illis
774 533 982 568 necessitudo
1006 533 1201 575 intercedit,
1233 539 1271 567 ut
1299 534 1388 568 trahi
1411 534 1478 568 iam
1503 534 1564 567 hac
1587 534 1627 567 de
1650 546 1762 568 caussa
1784 532 1820 568 in
1844 527 1902 566 su-

156 593 347 641 spicionem
371 589 512 635 possint.
557 590 698 632 De>qua
720 601 758 622 re
781 600 864 631 quae
887 587 1163 621 animadvertisse
1185 587 1273 620 mihi
1297 587 1387 621 visus
1410 600 1503 630 sum,
1534 586 1672 621 iam“ita
1693 598 1768 620 sum
1791 586 1903 633 expli-

159 656 313 688 caturus,
336 651 375 678 ut
397 656 417 677 a
439 642 609 678 Dodwelli
633 642 768 686 quidem
792 642 848 675 illa
872 641 1097 686 disputatione
1125 641 1337 686 proficiscar,
1366 642 1423 675 sed
1453 647 1630 675 :eti-actem
1662 641 1783 682 simul,
1820 652 1904 685 quae

159 703 275 739 minus
298 700 355 735 ille
377 697 558 734 commode
580 695 778 742 exposuisse
801 695 965 743 videatui,
990 694 1196 739 diligentiori
1219 701 1330 728 autem
1351 708 1409 744 eos
1432 696 1538 730 locos
1545 696 1695 731 examini
1716 695 1903 743 subiiciens,

132 775 136 779 —
160 769 244 802 quos
267 754 376 797 aliena
400 757 535 798 piaeter
558 750 795 795 olympiadum
819 755 853 782 et
874 748 1131 793 magistratuum
1154 741 1341 782 notationes
1357 761 1462 794 opera
1485 750 1730 784 consarcinatus
1752 748 1904 790 habeam,

161 821 302 857 speians
326 807 447 848 simul,
469 804 562 847 fore,
586 810 631 837 ut
648 803 695 837 ad
713 811 793 836 eam
809 812 958 846 quoque,
987 814 1069 846 quae
1093 807 1200 834 mota
1206 811 1315 847 nupel
1338 805 1428 843 est‘)
1453 803 1493 836 de
1517 803 1671 848 priorum
1694 804 1778 837 dum
1781 815 1837 836 um
1855 802 1904 837 li-

163 866 308 899 brmum
335 861 378 895 ad
409 859 558 904 quinque
588 856 791 903 poster-icles
821 855 950 890 latione
975 856 1209 900 quaestionem
1242 855 1489 901 profligandam
1524 857 1681 919 nonnilpl
1707 857 1793 897 ¹*mle
1822 870 1905 891 con-

163 918 305 952 feratur.

332 1019 525 1056 Historicae
548 1020 757 1065 Graecorum
781 1016 861 1051 artis
885 1017 1070 1062 primordia
1093 1017 1121 1051 si
1145 1016 1321 1062 cambysis
1344 1018 1524 1064 Persarum
1548 1018 1637 1063 regis
1660 1030 1730 1053 non
1753 1025 1907 1065 tempora

167 1076 387 1120 excedunff),
409 1073 696 1118 ¹logographorum
713 1077 835 1112 autem,
859 1071 915 1115 qui
928 1071 1097 1114 dicuntur,
1120 1083 1233 1117 opera,
1257 1083 1324 1105 non
1339 1072 1481 1105 multum
1506 1072 1560 1105 illa
1582 1072 1716 1116 quidem
1740 1073 1780 1106 ab
1803 1072 1908 1118 epicis

165 1131 377 1169 carminibus
400 1129 437 1163 in
463 1128 652 1173 pedestrem
683 1137 874 1159 sermonem
899 1125 1041 1159 redactis
1069 1126 1217 1167 diversa,
1253 1124 1394 1159 fabulas>
1411 1126 1561 1171 primum
1592 1127 1697 1170 magis
1725 1139 1826 1171 quam
1851 1126 1912 1160 hie

167 1187 290 1222 storias
315 1182 642 1227 complectebantur,
667 1178 838 1223 principes
861 1179 935 1211 illos
959 1179 994 1211 in
1017 1179 1175 1212 historica
1196 1186 1267 1212 arte
1289 1180 1487 1213 triumviros
1504 1180 1739 1222 Herodotum}
1762 1181 1910 1225 Thucy-

168 1241 286 1275 didem
309 1243 343 1272 et
365 1234 632 1279 Xenophontem
655 1231 786 1276 primos
811 1243 941 1275 quoqne
962 1231 1066 1264 fuisse
1089 1231 1160 1273 sere
1182 1238 1336 1277 apparet,
1369 1245 1449 1276 quos
1479 1229 1593 1267 rei-uin
1620 1234 1741 1268 Graeci
1771 1246 1909 1268 suarum

166 1299 322 1328 auctoies
345 1287 776 1329 haberent.Tempo1um
801 1285 905 1329 igitur
929 1286 1233 1329 computandorum
1257 1283 1403 1319 studium
1427 1297 1529 1330 quum
1554 1288 1594 1319 ab
1617 1287 1748 1334 acriore
1771 1289 1910 1322 demum

167 1358 288 1382 rerum
313 1345 465 1387 ipsaiuns
488 1339 770 1385 pervestigatione
793 1338 960 1382 proficisci
985 1345 1107 1382 posset,
1131 1338 1231 1370 etiam
1255 1339 1335 1371 illud
1352 1339 1417 1371 ·vix
1442 1341 1550 1384 potuit
1573 1341 1702 1373 animos
1725 1342 1825 1376 adver
1829 1348 1910 1383 tere,

168 1411 276 1445 quum
307 1395 463 1441 mythica
492 1393 599 1427 adhuc
630 1398 663 1425 et
692 1386 840 1425 fabulosa
870 1391 1044 1425 historiae
1057 1391 1145 1424 1atio
1179 1398 1272 1425 esset.
1318 1392 1448 1425 Reium
1477 1393 1568 1426 enim
1599 1406 1664 1438 quo
1681 1397 1800 1446 magis
1829 1395 1910 1429 haec

168 1454 272 1489 fldem
296 1457 328 1485 et
354 1449 533 1484 veritatem
556 1445 826 1488 consectabatur,
862 1458 901 1478 eo
931 1445 1034 1478 etiam
1064 1450 1257 1490 temporum
1287 1445 1553 1481 adiiciendorum
1576 1449 1752 1483 necessitas
1774 1442 1912 1484 adaucta

140 1542 144 1546 .
170 1515 231 1542 est.
260 1503 511 1545 chronologiae
533 1506 645 1533 autem
669 1505 806 1542 quanta
803 1500 853 1539 ab
876 1499 975 1531 initio
1000 1500 1051 1532 vel
1074 1500 1271 1543 ambiguitas
1295 1500 1347 1533 vel
1368 1500 1564 1546 simplicitas
1587 1501 1672 1537 fuex
1663 1509 1707 1546 ιι
1737 1503 1828 1549 ipsae
1851 1504 1913 1538 do-

171 1568 251 1596 cent
274 1556 444 1593 He1odoti
468 1553 663 1594 histor.iae‚
679 1559 730 1588 ιιι
748 1552 806 1595 qui
837 1565 904 1586 ιιοιι
929 1553 1046 1584 habeat
1069 1553 1134 1585 nisi
1157 1559 1277 1586 aetates
1308 1553 1487 1587 hominum
1510 1566 1756 1608 regnorumque
1779 1569 1798 1590 a
1821 1564 1912 1592 ceno

170 1614 318 1661 quo'dam
343 1610 395 1645 sui
418 1615 551 1653 tempm
555 1618 582 1640 1s
606 1617 695 1640 anno
718 1610 990 1649 computatoium
1013 1605 1135 1651 spatia,
1158 1606 1277 1650 quibus
1300 1607 1340 1640 ad
1364 1606 1595 1642 constituenda
1618 1615 1771 1656 tempora
1793 1618 1914 1647 utatur.

170 1669 267 1713 Quid
291 1665 381 1709 quod
404 1661 627 1704 'Iliucydides
648 1669 797 1701 quoque,
825 1669 892 1701 quo
916 1670 1017 1691 nemo
1050 1659 1241 1702 diligentius
1270 1667 1421 1692 versatus
1444 1666 1494 1693 est
1517 1661 1553 1694 in
1576 1662 1675 1695 iebus
1698 1663 1914 1708 chronologi-

171 1722 239 1764 cis,
267 1725 339 1753 tam
363 1718 463 1760 longe
486 1720 599 1748 tamen
622 1710 741 1745 adhuc
753 1712 867 1745 aberat
890 1722 908 1744 a
932 1717 1022 1745 certa
1045 1712 1203 1755 quadam,
1237 1723 1336 1755 quam
1358 1719 1494 1755 vocant,
1522 1725 1614 1757 ama,
1650 1716 1691 1749 ad
1718 1729 1817 1761 quam
1839 1731 1913 1752 am-

172 1775 262 1820 plior
286 1781 435 1829 ςιιεειιιιιε
458 1766 646 1801 ievocanda
669 1768 733 1797 est
741 1770 936 1808 ίειιιροιιιιιι
959 1765 1183 1809 computatio,
1216 1771 1252 1798 ut
1274 1765 1311 1799 in
1335 1767 1551 1801 uumeiandis
1574 1768 1651 1802 belli
1672 1770 1769 1804 annis
1791 1778 1913 1807 aestate

148 1816 300 1872 xquaque
324 1831 358 1857 et
379 1808 495 1854 hieme
519 1818 739 1852 discernenda
762 1816 834 1850 fere
857 1817 987 1861 acquies
990 1819 1104 1850 ceiet‘?

338 1930 451 1965 Aerae
472 1927 646 1962 cuiusdam
671 1924 894 1961 inveniendae
919 1924 1063 1970 piimam
1088 1925 1181 1959 haud
1192 1925 1293 1960 dubie
1310 1926 1400 1961 viam
1413 1930 1646 1965 monstrabant
1661 1932 1914 1976 magistratuum

172 1987 332 2028 nomina,
371 1982 521 2018 Athenis
545 1980 769 2034 archontum,
803 1979 943 2023 Spautae
967 1979 1190 2024 ephororum.
1224 1979 1308 2024 Qui
1339 1992 1441 2024 quum
1470 1984 1642 2044 eponymi.
1667 1985 1768 2020 simul
1795 1994 1914 2032 essent,

170 2043 292 2088 quibu-1
316 2040 531 2072 demetorum
555 2028 773 2078 potissimuni
796 2023 1012 2076 publicoium
1035 2032 1116 2065 anni
1140 2032 1411 2076 designaiwentui,
1445 2035 1523 2078 quid
1555 2038 1661 2081 magis
1683 2038 1786 2073 fuisse
1808 2042 1916 2075 histo·
1945 2030 1950 2034 i

171 2095 252 2132 ricis
277 2093 313 2128 in
338 2095 502 2138 piomptu
527 2087 677 2129 videtui,
713 2096 815 2131 quam
844 2091 883 2118 ut
909 2085 1102 2143 arripeient
1124 2091 1158 2119 et
1180 2085 1247 2132 ipsi
1268 2086 1357 2121 hanc
1379 2087 1545 2123 rationem
1574 2096 1607 2125 et
1636 2092 1674 2127 in
1698 2105 1795 2129 usum
1816 2107 1914 2130 suum
1956 2090 1959 2092 ’

280 2261 314 2304 ὃ)
333 2259 494 2296 Νίοῐιιιὶι.
499 2257 552 2288 ΚΙ.
571 2256 637 2287 hist.
655 2253 799 2285 Schriften
815 2253 1178 2294 p.464-4··0.K1u3er,
1195 2254 1357 2287 historisch-
1357 2257 1558 2295 philologiae&
1575 2260 1702 2294 senatu.

279 2315 315 2352 ὃ)
333 2313 489 2349 Dodweu„
507 2312 673 2350 Apparatus
692 2310 729 2339 ad
747 2308 852 2339 Annal.
872 2308 1002 2346 Thucyd.
1021 2318 1050 2346 p.
1071 2308 1098 2338 3.
